@article{Lowe:2004uq,
author = {Lowe, D},
title = {{Distinctive image features from scale-invariant keypoints}},
journal = {IJCV},
year = {2004},
}

@inproceedings{Dalal:2005to,
author = {Dalal, N},
title = {{Histograms of oriented gradients for human detection}},
booktitle = {CVPR},
year = {2005},
}

@inproceedings{lazebnik2006beyond,
  title={Beyond bags of features: Spatial pyramid matching for recognizing natural scene categories},
  author={Lazebnik, S and Schmid, C and Ponce, J},
  booktitle={CVPR},
  year={2006},
}

@article{Olshausen:1997uh,
author = {Olshausen, B and Field, DJ},
title = {{Sparse coding with an overcomplete basis set: a strategy employed by V1?}},
journal = {Vision research},
year = {1997},
volume = {37},
number = {23},
pages = {3311--3325},
read = {Yes},
}

@article{Perkins:2003vc,
author = {Perkins, S and Lacker, K and Theiler, J},
title = {{Grafting: fast, incremental feature selection by gradient descent in function space}},
journal = {JMLR},
year = {2003},
volume = {3},
pages = {1333--1356},
}

@article{Hubel:1962vm,
author = {Hubel, DH and Wiesel, TN},
title = {{Receptive fields, binocular interaction and functional architecture in the cat's visual cortex}},
journal = {The Journal of Physiology},
year = {1962},
volume = {160},
pages = {106--154},
}

@inproceedings{Boureau:uq,
author = {Boureau, Y and Bach, F and LeCun, Y and Ponce, J},
title = {{Learning mid-level features for recognition}},
booktitle = {CVPR},
year = {2010},
read = {Yes},
}

@inproceedings{Boureau:2010wz,
author = {Boureau, Y and Ponce, J},
title = {{A theoretical analysis of feature pooling in visual recognition}},
booktitle = {ICML},
year = {2010},
}

@article{Itti:2001wa,
author = {Itti, L and Koch, C},
title = {{Computational modeling of visual attention}},
journal = {Nature reviews neuroscience},
year = {2001},
}

@inproceedings{nipsfls,
 title = {Factorized latent spaces with structured sparsity},
 author = {Jia, Y and Salzmann, M and Darrell, T},
 booktitle = {NIPS},
 year = {2010}
}

@inproceedings{Yang:2009vb,
author = {Yang, J and Yu, K and Gong, Y},
title = {{Linear spatial pyramid matching using sparse coding for image classification}},
booktitle = {CVPR},
year = {2009},
}

@inproceedings{coates2011selecting,
  title={Selecting Receptive Fields in Deep Networks},
  author={Coates, A and Ng, AY},
  year={2011},
  booktitle={NIPS}
}

@inproceedings{boiman2008defense,
  title={In defense of nearest-neighbor based image classification},
  author={Boiman, O and Shechtman, E and Irani, M},
  booktitle={CVPR},
  year={2008},
}

@article{Krizhevsky2010,
author = {Krizhevsky, A},
title = {{Convolutional deep belief networks on CIFAR-10}},
journal = {Technical Report},
year = {2010},
}


@article{2011arXiv1102.0183C,
   author = {{Cire{\c s}an}, DC and {Meier}, U and {Masci}, J and {Gambardella}, LM and 
	{Schmidhuber}, J},
    title = "{High-performance neural networks for visual object classification}",
  journal = {ArXiv e-prints},
archivePrefix = "arXiv",
   eprint = {1102.0183},
     year = 2011,
}

@inproceedings{Boureau:2011tz,
author = {Boureau, Y and Le Roux, N and Bach, F and Ponce, J and LeCun, Y},
title = {{Ask the locals: multi-way local pooling for image recognition}},
booktitle = {ICCV},
year = {2011},
}

@article{Koenderink:1999bh,
author = {Koenderink, JJ and van Doorn, AJ},
title = {{The structure of locally orderless images}},
journal = {IJCV},
year = {1999},
volume = {31},
number = {2/3},
pages = {159--168},
}

@article{zou2005regularization,
  title={Regularization and variable selection via the elastic net},
  author={Zou, H and Hastie, T},
  journal={JRSS},
  volume={67},
  number={2},
  pages={301--320},
  year={2005}
}

@article{tibshirani1996regression,
  title={Regression shrinkage and selection via the lasso},
  author={Tibshirani, R},
  journal={JRSS Series B},
  pages={267--288},
  year={1996},
}

@article{everingham2010pascal,
  title={The {PASCAL} visual object classes ({VOC}) challenge},
  author={Everingham, M and Van Gool, L and Williams, CKI and Winn, J and Zisserman, A},
  journal={IJCV},
  volume={88},
  number={2},
  pages={303--338},
  year={2010}
}

@inproceedings{Yu:2010wu,
  title={Improved local coordinate coding using local tangents},
  author={Yu, K and Zhang, T},
  booktitle={ICML},
  year={2010},
}

@inproceedings{Feng:2011wv,
author = {Feng, J and Ni, B and Tian, Q and Yan, S},
title = {{Geometric Lp-norm Feature Pooling for Image Classification}},
booktitle = {CVPR},
year = {2011},
}

@inproceedings{zeiler2010deconvolutional,
  title={Deconvolutional networks},
  author={Zeiler, MD and Krishnan, D and Taylor, GW and Fergus, R},
  booktitle={CVPR},
  year={2010},
}

@article{lauer2007trainable,
  title={A trainable feature extractor for handwritten digit recognition},
  author={Lauer, F and Suen, CY and Bloch, G},
  journal={Pattern Recognition},
  volume={40},
  number={6},
  pages={1816--1824},
  year={2007},
}

@article{labusch2008simple,
  title={Simple method for high-performance digit recognition based on sparse coding},
  author={Labusch, K and Barth, E and Martinetz, T},
  journal={IEEE TNN},
  volume={19},
  number={11},
  pages={1985--1989},
  year={2008},
}

@inproceedings{ranzato2007unsupervised,
  title={Unsupervised learning of invariant feature hierarchies with applications to object recognition},
  author={Ranzato, MA and Huang, FJ and Boureau, Y and LeCun, Y},
  booktitle={CVPR},
  year={2007},
}

@inproceedings{zeileradaptive,
  title={Adaptive Deconvolutional Networks for Mid and High Level Feature Learning},
  author={Zeiler, MD and Taylor, GW and Fergus, R},
  booktitle={ICCV},
  year={2011},
}

@inproceedings{jarrett2009best,
  title={What is the best multi-stage architecture for object recognition?},
  author={Jarrett, K and Kavukcuoglu, K and Ranzato, MA and LeCun, Y},
  booktitle={ICCV},
  year={2009},
}

@inproceedings{Karayev2011RLDA,
  author    = {Karayev, S and Fritz, M and Fidler, S and Darrell, T},
  title     = {A Probabilistic Model for Recursive Factorized Image Features},
  booktitle = {CVPR},
  year      = {2011},
}

@inproceedings{quattoni2008transfer,
  title={Transfer learning for image classification with sparse prototype representations},
  author={Quattoni, A and Collins, M and Darrell, T},
  booktitle={CVPR},
  year={2008},
}

@inproceedings{schmidt2008structure,
  title={Structure learning in random fields for heart motion abnormality detection},
  author={Schmidt, M and Murphy, K and Fung, G and Rosales, R},
  booktitle={CVPR},
  year={2008}
}

@inproceedings{winder2007learning,
  title={Learning local image descriptors},
  author={Winder, S and Brown, M},
  booktitle={CVPR},
  year={2007}
}

@inproceedings{saxe2011random,
  title={On random weights and unsupervised feature learning},
  author={Saxe, A and Koh, PW and Chen, Z and Bhand, M and Suresh, B and Ng, A},
  booktitle={ICML},
  year={2011}
}

@inproceedings{krizhevsky2012imagenet,
  author={Krizhevsky, A and Sutskever, I and Hinton, GE},
  title={ImageNet Classification with Deep Convolutional Neural Networks},
  booktitle={NIPS},
  year={2012},
}

@inproceedings{Rigamonti:2011uc,
  author = {Rigamonti, R and Brown, MA and Lepetit, V},
  title = {{Are sparse representations really relevant for image classification?}},
  booktitle = {CVPR},
  year = {2011},
}

@article{mairal2010online,
  title={Online learning for matrix factorization and sparse coding},
  author={Mairal, J and Bach, F and Ponce, J and Sapiro, G},
  journal={JMLR},
  volume={11},
  pages={19--60},
  year={2010},
}

@article{donahue2013decaf,
  title={Decaf: A deep convolutional activation feature for generic visual recognition},
  author={Donahue, Jeff and Jia, Yangqing and Vinyals, Oriol and Hoffman, Judy and Zhang, Ning and Tzeng, Eric and Darrell, Trevor},
  journal={arXiv preprint arXiv:1310.1531},
  year={2013}
}

@inproceedings{coates2011icml,
  title={The importance of encoding versus training with sparse coding and vector quantization},
  author={Coates, A and Ng, A},
  booktitle={ICML},
  year={2011}
}

@article{kumar2012sampling,
  title={Sampling methods for the Nystr{\"o}m method},
  author={Kumar, S and Mohri, M and Talwalkar, A},
  journal={JMLR},
  volume={13},
  number={Apr},
  pages={981--1006},
  year={2012},
}

@inproceedings{zeiler2010deconvolutional,
  title={Deconvolutional networks},
  author={Zeiler, MD and Krishnan, D and Taylor, GW and Fergus, R},
  booktitle={CVPR},
  year={2010},
}

@inproceedings{wang2010locality,
  title={Locality-constrained linear coding for image classification},
  author={Wang, J and Yang, J and Yu, K and Lv, F and Huang, T and Gong, Y},
  booktitle={CVPR},
  year={2010},
}

@inproceedings{jenatton2010structured,
  title={Structured sparse principal component analysis},
  author={Jenatton, R and Obozinski, G and Bach, F},
  booktitle={AISTATS},
  year={2010}
}

@article{frey2007clustering,
  title={Clustering by passing messages between data points},
  author={Frey, BJ and Dueck, D},
  journal={Science},
  volume={315},
  number={5814},
  pages={972--976},
  year={2007},
}

@inproceedings{yao2012codebook,
  title={A codebook-free and annotation-free approach for fine-grained image categorization},
  author={Yao, B and Bradski, G and Fei-Fei, L},
  booktitle={CVPR},
  year={2012},
}

@inproceedings{zhang2012pose,
  title={Pose pooling kernels for sub-category recognition},
  author={Zhang, N and Farrell, R and Darrell, T},
  booktitle={CVPR},
  year={2012},
}

@inproceedings{duan2012discovering,
  title={Discovering localized attributes for fine-grained recognition},
  author={Duan, K and Parikh, D and Crandall, D and Grauman, K},
  booktitle={CVPR},
  year={2012},
}

@inproceedings{zhang2008improved,
  title={Improved Nystr{\"o}m low-rank approximation and error analysis},
  author={Zhang, K and Tsang, IW and Kwok, JT},
  booktitle={ICML},
  year={2008},
}

@inproceedings{yang2010efficient,
  title={Efficient highly over-complete sparse coding using a mixture model},
  author={Yang, J and Yu, K and Huang, T},
  booktitle={ECCV},
  year={2010},
}

@inproceedings{lee2009convolutional,
  title={Convolutional deep belief networks for scalable unsupervised learning of hierarchical representations},
  author={Lee, H and Grosse, R and Ranganath, R and Ng, AY},
  booktitle={ICML},
  year={2009},
}

@techreport{WelinderEtal2010,
  Author = {P Welinder and S Branson and T Mita and C Wah and F Schroff and S Belongie and P Perona},
  Institution = {Caltech},
  Number = {CNS-TR-2010-001},
  Title = {{Caltech-UCSD Birds 200}},
  Year = {2010}
}

@article{fowlkes2004spectral,
  title={Spectral grouping using the Nystrom method},
  author={Fowlkes, C and Belongie, S and Chung, F and Malik, J},
  journal={IEEE TPAMI},
  volume={26},
  number={2},
  pages={214--225},
  year={2004},
}

@inproceedings{farrell2011birdlets,
  title={Birdlets: Subordinate categorization using volumetric primitives and pose-normalized appearance},
  author={Farrell, R and Oza, O and Zhang, N and Morariu, VI and Darrell, T and Davis, LS},
  booktitle={CVPR},
  year={2011},
}

@inproceedings{carreirasemantic,
  title={Semantic Segmentation with Second-Order Pooling},
  author={Carreira, J and Caseiro, R and Batista, J and Sminchisescu, C},
  booktitle={ECCV},
  year={2012},
}

@article{freitas,
  author    = {M Denil and N de Freitas},
  title     = {Recklessly Approximate Sparse Coding},
  journal   = {arXiv preprint arXiv:1208.0959},
  year      = {2012},
}

@book{meyer01,
  author = {Meyer, CD},
  publisher = {SIAM},
  title = {Matrix Analysis and Applied Linear Algebra},
  year = 2001
}

@inproceedings{cortes10,
title = {On the Impact of Kernel Approximation on Learning Accuracy},
author  = {C Cortes and M Mohri and A Talwalkar},
year  = 2010,
booktitle = {AISTATS}
}

@article{talwalkar2010matrix,
  title={Matrix coherence and the nystrom method},
  author={Talwalkar, Ameet and Rostamizadeh, Afshin},
  journal={arXiv preprint arXiv:1004.2008},
  year={2010}
}

@inproceedings{coates2012emergence,
  title={Emergence of Object-Selective Features in Unsupervised Feature Learning},
  author={Coates, Adam and Karpathy, Andrej and Ng, Andrew},
  booktitle={NIPS},
  year={2012}
}

@article{lecun1998gradient,
  title={Gradient-based learning applied to document recognition},
  author={LeCun, Yann and Bottou, L{\'e}on and Bengio, Yoshua and Haffner, Patrick},
  journal={Proc. of the IEEE},
  volume={86},
  number={11},
  pages={2278--2324},
  year={1998},
}

@TECHREPORT{cifar10,
    author = {A Krizhevsky},
    title = {Learning multiple layers of features from tiny images},
    institution = {},
    year = {2009}
}

@inproceedings{vinyals2012sparse,
  title={Are Sparse Representations Rich Enough for Acoustic Modeling?},
  author={Vinyals, O and Deng, L},
  booktitle={Interspeech},
  year={2012}
}

@inproceedings{wsj,
  title={{The design for the Wall Street Journal-based CSR corpus}},
  author={Paul, DB and Baker, JM },
  booktitle={ICSLP},
  year={1992},
}

@article{xu2007word,
  title={Word learning as {B}ayesian inference},
  author={Xu, F and Tenenbaum, JB},
  journal={Psychological Review},
  volume={114},
  number={2},
  pages={245-272},
  year={2007},
  publisher={American Psychological Association}
}

@article{miller1995wordnet,
  title={{WordNet}: a lexical database for {E}nglish},
  author={Miller, GA},
  journal={Communications of the ACM},
  volume={38},
  number={11},
  pages={39--41},
  year={1995},
}

@book{duda73,
  author = {Duda, RO and Hart, PE},
  title = {Pattern classification and scene analysis},
  publisher = {Wiley},
  address = {New York},
  year = {1973}
}


@article{fellbaum2010wordnet,
  title={{WordNet}},
  author={Fellbaum, C},
  journal={Theory and Applications of Ontology: Computer Applications},
  pages={231--243},
  year={2010},
}


@inproceedings{abbottconstructing,
  title={Constructing a hypothesis space from the {W}eb for large-scale {B}ayesian word learning},
  author={Abbott, JT and Austerweil, JL and Griffiths, TL},
  booktitle={Proceedings of the 34th Annual Conference of the Cognitive Science Society},
  year={2012},
}


@article{tenenbaum2006theory,
  title={Theory-based Bayesian models of inductive learning and reasoning},
  author={Tenenbaum, Joshua B and Griffiths, Thomas L and Kemp, Charles and others},
  journal={Trends in cognitive sciences},
  volume={10},
  number={7},
  pages={309--318},
  year={2006},
}

@inproceedings{kulis2011you,
  title={What you saw is not what you get: Domain adaptation using asymmetric kernel transforms},
  author={Kulis, Brian and Saenko, Kate and Darrell, Trevor},
  booktitle={CVPR},
  year={2011},
}

@inproceedings{saenko2010adapting,
  title={Adapting visual category models to new domains},
  author={Saenko, Kate and Kulis, Brian and Fritz, Mario and Darrell, Trevor},
  booktitle={ECCV},
  year={2010},
}

@article{shepard1987toward,
  title={Toward a universal law of generalization for psychological science},
  author={Shepard, Roger N and others},
  journal={Science},
  volume={237},
  number={4820},
  pages={1317--1323},
  year={1987}
}


@inproceedings{raina2007self,
  title={Self-taught learning: transfer learning from unlabeled data},
  author={Raina, Rajat and Battle, Alexis and Lee, Honglak and Packer, Benjamin and Ng, Andrew Y},
  booktitle={ICML},
  year={2007},
}


@inproceedings{khosla2011novel,
  title={Novel dataset for fine-grained image categorization},
  author={Khosla, A and Jayadevaprakash, N and Yao, B and Fei-Fei, L},
  booktitle={CVPR FGVC workshop},
  year={2011}
}


@inproceedings{tenenbaum99,
  author =  "Tenenbaum, JB",
  year =  "1999",
  title =   "Bayesian modeling of human concept learning",
  booktitle =   "NIPS"
}

@article{wordnetReview,
  title={Review of {WordNet}},
  author={Kilgarriff, A},
  journal={Language},
  year={2000},
  volume={76},
  pages={706--708}
  }


@article{tenenbaum2001generalization,
  title={Generalization, similarity, and {B}ayesian inference},
  author={Tenenbaum, JB and Griffiths, TL},
  journal={Behavioral and Brain Sciences},
  volume={24},
  number={4},
  pages={629--640},
  year={2001},
  publisher={Cambridge University Press}
}


@Article{shepard87,
  author =  "Shepard, RN",
  year =  "1987",
  title =   "Towards a universal law of generalization for
     psychological science",
  journal =   "Science",
  volume =  "237",
  pages =   "1317-1323",
}

@inproceedings{abbott2011testing,
  title={Testing a {B}ayesian measure of representativeness using a large image database},
  author={Abbott, JT and Heller, KA and Ghahramani, Z and Griffiths, TL},
  booktitle={NIPS},
  year={2011}
}


@article{carey1978,
  title={The child as word learner},
  author={Carey, S},
  journal={Linguistic Theory and Psychological Reality},
  year={1978},
}

@book{markman1991categorization,
  title={Categorization and naming in children: Problems of induction},
  author={Markman, EM},
  year={1991},
  publisher={MIT Press}
}

@inproceedings{tenenbaum2000rules,
  title={Rules and similarity in concept learning},
  author={Tenenbaum, JB},
  booktitle={NIPS},
  year={2000},
}

@article{rosch1976basic,
  title={Basic objects in natural categories},
  author={Rosch, E and Mervis, CB and Gray, WD and Johnson, DM and Boyes-Braem, P},
  journal={Cognitive psychology},
  volume={8},
  number={3},
  pages={382--439},
  year={1976},
}

@article{pascal,
   author = "Everingham, M and Van~Gool, L and Williams, CKI and Winn, J and Zisserman, A",
   title = "The {PASCAL} {V}isual {O}bject {C}lasses ({VOC}) Challenge",
   journal = "IJCV",
   volume = "88",
   year = "2010",
   number = "2",
   pages = "303--338",
}

@inproceedings{imagenet,
  title={{ImageNet}: A large-scale hierarchical image database},
  author={Deng, J and Dong, W and Socher, R and Li, LJ and Li, K and Fei-Fei, L},
  booktitle={CVPR},
  year={2009},
}

@inproceedings{lowe1999object,
  title={Object recognition from local scale-invariant features},
  author={Lowe, DG},
  booktitle={ICCV},
  year={1999},
}

@inproceedings{lee2009convolutional,
  title={Convolutional deep belief networks for scalable unsupervised learning of hierarchical representations},
  author={Lee, H and Grosse, R and Ranganath, R and Ng, AY},
  booktitle={ICML},
  year={2009},
}

@article{olshausen1997sparse,
  title={Sparse coding with an overcomplete basis set: A strategy employed by {V1}?},
  author={Olshausen, BA and Field, DJ},
  journal={Vision Research},
  volume={37},
  number={23},
  pages={3311--3325},
  year={1997},
}

@inproceedings{yang2009linear,
  title={Linear spatial pyramid matching using sparse coding for image classification},
  author={Yang, J and Yu, K and Gong, Y and Huang, T},
  booktitle={CVPR},
  year={2009},
}

@inproceedings{boureau2010learning,
  title={Learning mid-level features for recognition},
  author={Boureau, YL and Bach, F and LeCun, Y and Ponce, J},
  booktitle={CVPR},
  year={2010},
}

@article{torralba2007sharing,
  title={Sharing visual features for multiclass and multiview object detection},
  author={Torralba, A and Murphy, KP and Freeman, WT},
  journal={IEEE TPAMI},
  volume={29},
  number={5},
  pages={854--869},
  year={2007},
}

@inproceedings{parikh2011relative,
  title={Relative attributes},
  author={Parikh, D and Grauman, K},
  booktitle={ICCV},
  year={2011},
}

@inproceedings{jebara1999maximum,
  title={Maximum conditional likelihood via bound maximization and the CEM algorithm},
  author={Jebara, T and Pentland, A},
  booktitle={NIPS},
  year={1999},
}

@inproceedings{farhadi2009describing,
  title={Describing objects by their attributes},
  author={Farhadi, A and Endres, I and Hoiem, D and Forsyth, D},
  booktitle={CVPR},
  year={2009},
}

@inproceedings{salakhutdinov2011learning,
  title={Learning to share visual appearance for multiclass object detection},
  author={Salakhutdinov, R and Torralba, A and Tenenbaum, JB},
  booktitle={CVPR},
  year={2011},
}

@techreport{salakhutdinov2010,
  author = {Salakhutdinov, R and Tenenbaum, JB and Torralba, A},
  title = {One-Shot Learning with a Hierarchical Nonparametric {B}ayesian Model},
  type = {Technical Report},
  publisher = {MIT CSAIL},
  year = {2010},
  institution = {MIT CSAIL}
}

@inproceedings{deng2012hedging,
  title={Hedging Your Bets: Optimizing Accuracy-Specificity Trade-offs in Large Scale Visual Recognition},
  author={Deng, J and Krause, J and Berg, A and Fei-Fei, L},
  booktitle={CVPR},
  year={2012},
}

@inproceedings{le2012icml,
  title={Building high-level features using large scale unsupervised learning},
  author={Le, Q and Ranzato, M and Monga, R and Devin, M and Chen, K and Corrado, G and Dean, J and Ng, A},
  booktitle={ICML},
  year={2012},
}

@inproceedings{coates2010aistats,
  title={An analysis of single-layer networks in unsupervised feature learning},
  author={Coates, A and Lee, H and Ng, AY},
  booktitle={AISTATS},
  year={2010}
}

@misc{ilsvrc,
  title={{ILSVRC} 2010},
  author={Berg, A and Deng, J and Fei-Fei, L},
  howpublished={http://www.image-net.org/challenges/LSVRC/2010/},
}

@article{duchi2010adaptive,
    title={Adaptive subgradient methods for online learning and stochastic optimization},
    author={Duchi, J and Hazan, E and Singer, Y},
    journal={JMLR},
    volume={12},
    pages={2121--2159},
    year={2010}
}


@inproceedings{sanchez2011high,
  title={High-dimensional signature compression for large-scale image classification},
  author={S{\'a}nchez, Jorge and Perronnin, Florent},
  booktitle={CVPR},
  year={2011},
}


@inproceedings{harchaoui2012large,
  title={Large-scale image classification with trace-norm regularization},
  author={Harchaoui, Zaid and Douze, Matthijs and Paulin, Mattis and Dudik, Miroslav and Malick, J{\'e}r{\^o}me},
  booktitle={CVPR},
  year={2012},
}

@inproceedings{gao2011discriminative,
  title={Discriminative learning of relaxed hierarchy for large-scale visual recognition},
  author={Gao, Tianshi and Koller, Daphne},
  booktitle={ICCV},
  year={2011},
  organization={IEEE}
}


@article{torralba2003contextual,
  title={Contextual priming for object detection},
  author={Torralba, Antonio},
  journal={IJCV},
  volume={53},
  number={2},
  pages={169--191},
  year={2003},
}


@inproceedings{li2009towards,
  title={Towards total scene understanding: Classification, annotation and segmentation in an automatic framework},
  author={Li, Li-Jia and Socher, Richard and Fei-Fei, Li},
  booktitle={CVPR},
  year={2009},
}

@inproceedings{lin2011large,
  title={Large-scale image classification: fast feature extraction and svm training},
  author={Lin, Y and Lv, F and Zhu, S and Yang, M and Cour, T and Yu, K and Cao, L and Huang, T},
  booktitle={CVPR},
  year={2011},
}

@article{oliva2001modeling,
  title={Modeling the shape of the scene: A holistic representation of the spatial envelope},
  author={Oliva, A and Torralba, A},
  journal={International journal of computer vision},
  volume={42},
  number={3},
  pages={145--175},
  year={2001},
  publisher={Springer}
}

@inproceedings{dean2012large,
 title ={Large Scale Distributed Deep Networks},
 author={Dean, J and Corrado, G and Monga, R and Chen, K and Devin, M and Le, Q and Mao, M and Ranzato, MA and Senior, A and Tucker, P and Yang, K and Ng, A},
 booktitle = {NIPS},
 year = {2012},
}

@article{hansen1996linear,
  title={Linear unlearning for cross-validation},
  author={Hansen, LK and Larsen, J},
  journal={Advances in Computational Mathematics},
  volume={5},
  number={1},
  pages={269--280},
  year={1996},
}


@book{jurafsky2000speech,
  title={Speech \& Language Processing},
  author={Jurafsky, D and Martin, JH},
  publisher={Pearson Prentice Hall},
  year={2000},
}

@article{russell2008labelme,
  title={LabelMe: a database and web-based tool for image annotation},
  author={Russell, B and Torralba, A and Murphy, K and Freeman, W},
  journal={International journal of computer vision},
  volume={77},
  number={1-3},
  pages={157--173},
  year={2008},
  publisher={Springer}
}

@inproceedings{coates2013deep,
  title={Deep learning with COTS HPC systems},
  author={Coates, A and Huval, B and Wang, T and Wu, D and Catanzaro, B and Ng, AY},
  booktitle={Proceedings of The 30th International Conference on Machine Learning},
  pages={1337--1345},
  year={2013}
}

@inproceedings{torralba2011unbiased,
  title={Unbiased look at dataset bias},
  author={Torralba, A and Efros,A},
  booktitle={Computer Vision and Pattern Recognition (CVPR), 2011 IEEE Conference on},
  pages={1521--1528},
  year={2011},
  organization={IEEE}
}


% from decaf
@INPROCEEDINGS{supervision,
  author = {A Krizhevsky and I Sutskever and GE Hinton},
  title = {Image{N}et Classification with Deep Convolutional Neural Networks},
  booktitle = {NIPS},
  year = {2012},
}
@ARTICLE{ilsvrc2012,
  author = {A Berg and J Deng and L Fei-Fei},
  title = {Image{N}et Large Scale Visual Recognition Challenge 2012},
  year = {2012},
  url = {http://www.image-net.org/challenges/LSVRC/2012/},
}
@ARTICLE{ilsvrc2010,
  author = {J Deng and A Berg and S Satheesh and H Su and A Khosla and L Fei-Fei},
  title = {Image{N}et Large Scale Visual Recognition Challenge 2010},
  year = {2010},
  url = {http://www.image-net.org/challenges/LSVRC/2010/},
}
@inproceedings{eccv_saenko,
  author="K Saenko and B Kulis and M Fritz and T Darrell",
  title="Adapting Visual Category Models to New Domains",
  booktitle={ECCV},
  year={2010}
}
@inproceedings{caltech101,
  author = {L Fei-Fei and R Fergus and P Perona},
  title = {Learning generative visual models from few training examples: an incremental {B}ayesian approach tested on 101 object categories},
  booktitle = {CVPR},
  year = {2004},
}
@techreport{caltech256,
  author = {G Griffin and A Holub and P Perona},
  Title = {Caltech-256 Object Category Dataset},
  Year = {2007},
  URL = {http://authors.library.caltech.edu/7694},
}
@article{ref:sift,
  author="D Lowe",
  title="Distinctive Image Features from Scale-Invariant Keypoints",
  journal="IJCV",
  volume="60",
  year="2004",
}
@article{tsne,
author="L van der Maaten and GE Hinton",
title="Visualizing Data using t-SNE",
journal="JMLR",
volume="9",
year="2008",
}
@inproceedings{jarrett09,
  author = {K. Jarrett and K. Kavukcuoglu and M. Ranzato and Y. LeCun},
  title = {What is the Best Multi-Stage Architecture for Object Recognition?},
  booktitle = {ICCV},
  year = {2009},
}
@inproceedings{yang09,
  author = {J. Yang and Y. L. and Y. Tian and L. Duan and W. Gao},
  title = {Group-Sensitive Multiple Kernel Learning for Object Categorization},
  booktitle = {ICCV},
  year = {2009},
}
@inproceedings{dpd,
  author = {N. Zhang and R. Farrell and F. Iandola and T. Darrell},
  title = {Deformable Part Descriptors for Fine-grained Recognition and Attribute Prediction},
  booktitle = {ICCV},
  year = {2013},
}
@inproceedings{poof,
  author = {T. Berg and P. Belhumeur},
  title = {{POOF}: Part-Based One-vs-One Features for Fine-Grained Categorization, Face Verification, and Attribute Estimation},
  booktitle = {CVPR},
  year = {2013},
}
@article{dpm,
 author = {Felzenszwalb, P. and Girshick, R. and McAllester, D. and Ramanan, D.},
 title = {Object Detection with Discriminatively Trained Part-Based Models},
 journal = {PAMI},
 volume = {32},
 year = {2010},
}
@inproceedings{kdes,
  author = {L. Bo and X. Ren and D. Fox},
  title = {Kernel Descriptors for Visual Recognition},
  booktitle = {NIPS},
  year = {2010},
}
@inproceedings{ref:kulis_cvpr11,
author="B. Kulis and K. Saenko and T. Darrell",
title="What You Saw is Not What You Get: Domain Adaptation Using Asymmetric Kernel Transforms",
booktitle={CVPR},
year="2011"
}
@inproceedings{Hoffman13:ELD,
  author = {J. Hoffman and E. Rodner and J. Donahue and K. Saenko and T. Darrell},
  title = {Efficient Learning of Domain-invariant Image Representations},
  booktitle = {ICLR},
  year = {2013},
}
@inproceedings{ref:gong12_gfk,
author = {B. Gong and Y. Shi and F. Sha and K. Grauman},
title = {Geodesic Flow Kernel for Unsupervised Domain Adaptation},
booktitle = {CVPR},
year = {2012},
}
@INPROCEEDINGS{ref:daume,
	AUTHOR="H. {Daume~III}",
	TITLE="Frustratingly Easy Domain Adaptation",
	BOOKTITLE="ACL",
	YEAR="2007"
}
@inproceedings{ref:dlid,
author={S. Chopra and S. Balakrishnan and R. Gopalan},
title={DLID: Deep Learning for Domain Adaptation by Interpolating between Domains},
booktitle="ICML Workshop on Challenges in Representation Learning",
year={2013},
}
@inproceedings{googlebrain,
author={Q. Le and M. Ranzato and R. Monga and M. Devin and K. Chen and G. Corrado and J. Dean and A. Ng},
title={Building High-level Features Using Large Scale Unsupervised Learning},
booktitle={ICML},
year={2012},
}
@inproceedings{coates2010,
author={A. Coates and H. Lee and A. Ng},
title={An Analysis of Single-Layer Networks in Unsupervised Feature Learning},
booktitle={NIPS},
year={2010},
}
@article{gist,
author={A. Oliva and A. Torralba},
title={Modeling the Shape of the Scene: A Holistic Representation of the Spatial Envelope},
journal={IJCV},
year={2001},
}
@INPROCEEDINGS{torralba_cvpr11,
  author = {A. Torralba and A. Efros},
  title = {Unbiased Look at Dataset Bias},
  booktitle = {CVPR},
  year = {2011}
}
@inproceedings{xiao10,
author={J. Xiao and  J. Hays and  K. Ehinger and  A. Oliva and  A. Torralba},
title={SUN Database: Large-scale Scene Recognition from Abbey to Zoo},
booktitle={CVPR},
year={2010}
}
@article{lecun89,
author={Y. LeCun and B. Boser and J. Denker and D. Henderson and R. Howard and W. Hubbard and L. Jackel},
title={Backpropagation Applied to Handwritten Zip Code Recognition},
journal={Neural Computation},
year={1989},
}
@inproceedings{surf06,
author={H. Bay and T. Tuytelaars and L. Van Gool},
title={{SURF}: Speeded Up Robust Features},
booktitle={ECCV},
year={2006},
}
@article{hsu2009multi,
  title={Multi-label prediction via compressed sensing},
  author={Hsu, D. and Kakade, S. and Langford, J. and Zhang, T.},
  journal={arXiv preprint arXiv:0902.1284},
  year={2009}
}
@article{hintondropout,
  author    = {G. Hinton and
               N. Srivastava and
               A. Krizhevsky and
               I. Sutskever and
               R. Salakhutdinov},
  title     = {Improving Neural Networks by Preventing Co-adaptation of
               Feature Detectors},
  journal={arXiv preprint arXiv:1207.0580},
  year      = {2012},
}

@article{caruana1997multitask,
  title={Multitask Learning},
  author={Caruana, R.},
  journal={Machine Learning},
  volume={28},
  year={1997},
}
@inproceedings{thrun1996learning,
  title={Is Learning the n-th Thing any Easier Than Learning the First?},
  author={S. Thrun},
  booktitle={NIPS},
  year={1996},
}
@inproceedings{argyriou2008convex,
  title={Multi-Task Feature Learning},
  author={Andreas Argyriou and Theodoros Evgeniou and Massimiliano Pontil},
  booktitle={NIPS},
  year={2006},
}
@article{ando2005framework,
  title={A framework for learning predictive structures from multiple tasks and unlabeled data},
  author={Ando, R. and Zhang, T.},
  journal={JMLR},
  volume={6},
  year={2005},
}
@incollection{torresani2010efficient,
  title={Efficient object category recognition using classemes},
  author={Torresani, L. and Szummer, M. and Fitzgibbon, A.},
  booktitle={ECCV},
  year={2010},
}
@inproceedings{dog_finegrained,
author={J. Liu and A. Kanazawa and D. Jacobs and P. Belhumeur},
title={Dog Breed Classification Using Part Localization},
booktitle={ECCV},
year={2012},
}
@article{mesnil2012unsupervised,
  title={Unsupervised and Transfer Learning Challenge: a Deep Learning Approach.},
  author={Mesnil, G. and Dauphin, Y. and Glorot, X. and Rifai, S. and Bengio, Y. and Goodfellow, I. and Lavoie, E. and Muller, X. and Desjardins, G. and Warde-Farley, D. and Vincent, P. and Courville, A. and Berkgstra, J.},
  journal={JMLR},
  volume={27},
  year={2012}
}

@techreport{birds,
	Author = {P. Welinder and S. Branson and T. Mita and C. Wah and F. Schroff and S. Belongie and P. Perona},
  Institution = {California Institute of Technology},
  Number = {CNS-TR-2010-001},
  Title = {{Caltech-UCSD Birds 200}},
  Year = {2010},
}
@inproceedings{efros2012,
  author="S. Singh and A. Gupta and A. Efros",
  title="Unsupervised Discovery of Mid-Level Discriminative Patches",
  booktitle="ECCV",
  year="2012"
}
@INPROCEEDINGS{yuille2007,
  author = {L. Zhu and Y. Chen and A. Yuille},
  title = {Unsupervised Learning of a Probabilistic Grammar for Object Detection and Parsing},
  booktitle = {NIPS},
  year = {2007},
}
@article{autoencoders,
  title={Reducing the Dimensionality of Data with Neural Networks},
  author={G. Hinton and R. Salakhutdinov},
  journal={Science},
  year={2006},
}
@inproceedings{fidler,
  title={Towards Scalable Representations of Object Categories: Learning a Hierarchy of Parts},
  author={S. Fidler and A. Leonardis},
  booktitle={CVPR},
  year={2007},
}
@inproceedings{lenet,
  title={Gradient-Based Learning Applied to Document Recognition},
  author={Y. LeCun and L. Bottou and Y. Bengio and P. Haffner},
  booktitle={IEEE},
  year={1998},
}
@inproceedings{imagenet_cvpr09,
        AUTHOR = {Deng, J. and Dong, W. and Socher, R. and Li, L. and Li, K. and Fei-Fei, L.},
        TITLE = {{ImageNet: A Large-Scale Hierarchical Image Database}},
        BOOKTITLE = {CVPR},
        YEAR = {2009}, }
@inproceedings{li2010object,
  title={Object bank: A high-level image representation for scene classification \& semantic feature sparsification},
  author={Li, L. and Su, H. and Fei-Fei, L. and Xing, E.},
  booktitle={NIPS},
  year={2010}
}
@inproceedings{quattonidarrell,
  title={Transfer Learning for Image Classication with Sparse Prototype Representations},
  author={A. Quattoni and M. Collins and T. Darrell},
  booktitle={CVPR},
  year={2008},
}
@article{lscom,
  title={{LSCOM} Lexicon Definitions and Annotations (Version 1.0)},
  author={L. Kennedy and A. Hauptmann},
    year={2006},
}
@inproceedings{hsc,
  title={Histograms of Sparse Codes for Object Detection},
  author={X. Ren and D. Ramanan},
  year={2013},
  booktitle={CVPR},
}
@inproceedings{attribute,
  title={Describing People: A Poselet-Based Approach to Attribute Classification },
  author={Lubomir Bourdev and Subhransu Maji and Jitendra Malik},
  year={2011},
  booktitle={ICCV},
}
@inproceedings{ngmultimodal,
author={J. Ngiam and A. Khosla and M. Kim and J. Nam and H. Lee and A. Ng},
title={Multimodal Deep Learning},
booktitle={NIPS},
year={2010},
}
@inproceedings{hog,
  title={Histograms of oriented gradients for human detection},
  author={Dalal, N. and Triggs, B.},
  booktitle={CVPR},
  year={2005},
}
@inproceedings{ngunsupervised,
  title={Learning hierarchical invariant spatio-temporal features for action recognition with independent subspace analysis},
  author={Le, Q. and Zou, W. and Yeung, S. and Ng, A.},
  booktitle={CVPR},
  year={2011},
}
@inproceedings{llc,
  title={Locality-constrained linear coding for image classification},
  author={Wang, J. and Yang, J. and Yu, K. and Lv, F. and Huang, T. and Gong, Y.},
  booktitle={CVPR},
  year={2010},
}
@ARTICLE{decafarxiv,
   author = {{Donahue}, J. and {Jia}, Y. and {Vinyals}, O. and {Hoffman}, J. and
	{Zhang}, N. and {Tzeng}, E. and {Darrell}, T.},
    title = "{DeCAF: A Deep Convolutional Activation Feature for Generic Visual Recognition}",
  journal = {arXiv e-prints},
archivePrefix = "arXiv",
   eprint = {1310.1531},
     year = 2013,
}

@article{fei2006one,
  title={One-shot learning of object categories},
  author={Fei-Fei, Li and Fergus, Robert and Perona, Pietro},
  journal={Pattern Analysis and Machine Intelligence, IEEE Transactions on},
  volume={28},
  number={4},
  pages={594--611},
  year={2006},
  publisher={IEEE}
}

@article{girshick2013rich,
  title={Rich feature hierarchies for accurate object detection and semantic segmentation},
  author={Girshick, Ross and Donahue, Jeff and Darrell, Trevor and Malik, Jitendra},
  journal={arXiv preprint arXiv:1311.2524},
  year={2013}
}

@inproceedings{quattoni2009recognizing,
  title={Recognizing indoor scenes},
  author={Quattoni, A and Torralba, A},
  booktitle={IEEE Conference on Computer Vision and Pattern Recognition},
  pages={413--420},
  year={2009},
  organization={IEEE}
}

@inproceedings{schultz2003learning,
  title={Learning a Distance Metric from Relative Comparisons.},
  author={Schultz, Matthew and Joachims, Thorsten},
  booktitle={NIPS},
  year={2003}
}